%----------------------------------------------------------
% Books
%----------------------------------------------------------
@book{kundur1994power,
  title={Power system stability and control},
  author={Kundur, Prabha and Balu, Neal J and Lauby, Mark G},
  volume={7},
  year={1994},
  publisher={McGraw-hill New York}
}

@article{krause2002,
  title={Analysis of Electric Machinery and Drive Systems},
  author={Krause, Paul and Wasynczuk, Oleg and Sudhoff, Scott and Pekarek, Steven},
  journal={IEEE Press},
  year={2002}
}

@book{maas2003nonlinear,
  title={Nonlinear microwave and RF circuits},
  author={Maas, Stephen A},
  year={2003},
  publisher={Artech House}
}

@book{suarez2009analysis,
  title={Analysis and design of autonomous microwave circuits},
  author={Su{\'a}rez, Almudena},
  volume={190},
  year={2009},
  publisher={John Wiley \& Sons}
}

@book{haykin2009communication,
  title={Communication Systems, 5th Edition},
  author={Haykin, Simon and Moher, Michael},
  year={2009},
  publisher={Wiley}
}

@book{proakis2001communication,
  title={Communication Systems, 5th Edition},
  author={Proakis, John and Salehi, Masoud},
  year={2001},
  publisher={Prentice Hall}
}

@book{schreier2010statistical,
  title={Statistical signal processing of complex-valued data: the theory of improper and noncircular signals},
  author={Schreier, Peter J and Scharf, Louis L},
  year={2010},
  publisher={Cambridge University Press}
}

%----------------------------------------------------------
% Papers
%----------------------------------------------------------

@article{wang2010methods,
  title={Methods of interfacing rotating machine models in transient simulation programs},
  author={Wang, L and Jatskevich, J and Dinavahi, V and Dommel, HW and Martinez, JA and Strunz, K and Rioual, M and Chang, GW and Iravani, R},
  journal={IEEE Transactions on Power Delivery},
  volume={25},
  number={2},
  pages={891--903},
  year={2010},
  publisher={IEEE}
}

@article{sanders1991generalized,
  title={Generalized averaging method for power conversion circuits},
  author={Sanders, Seth R and Noworolski, J Mark and Liu, Xiaojun Z and Verghese, George C},
  journal={IEEE Transactions on Power Electronics},
  volume={6},
  number={2},
  pages={251--259},
  year={1991},
  publisher={IEEE}
}

@article{venkatasubramanian1995fast,
  title={Fast time-varying phasor analysis in the balanced three-phase large electric power system},
  author={Venkatasubramanian, Vaithianathan and Schattler, Heinz and Zaborszky, John},
  journal={IEEE Transactions on Automatic Control},
  volume={40},
  number={11},
  pages={1975--1982},
  year={1995},
  publisher={IEEE}
}

@article{strunz2006frequency,
  title={Frequency-adaptive network modeling for integrative simulation of natural and envelope waveforms in power systems and circuits},
  author={Strunz, Kai and Shintaku, Rachel and Gao, Feng},
  journal={IEEE Transactions on Circuits and Systems I: Regular Papers},
  volume={53},
  number={12},
  pages={2788--2803},
  year={2006},
  publisher={IEEE}
}

@inproceedings{demiray2008evaluation,
  title={Evaluation study for the simulation of power system transients using dynamic phasor models},
  author={Demiray, T and Andersson, G and Busarello, L},
  booktitle={Transmission and Distribution Conference and Exposition: Latin America, 2008 IEEE/PES},
  pages={1--6},
  year={2008},
  organization={IEEE}
}

@article{mattavelli1999ssr,
  title={SSR analysis with dynamic phasor model of thyristor-controlled series capacitor},
  author={Mattavelli, Paolo and Stankovic, Aleksandar M and Verghese, George C},
  journal={IEEE Transactions on Power Systems},
  volume={14},
  number={1},
  pages={200--208},
  year={1999},
  publisher={IEEE}
}

@article{stefanov2002modeling,
  title={Modeling of UPFC operation under unbalanced conditions with dynamic phasors},
  author={Stefanov, Predrag C and Stankovic, Aleksandar M},
  journal={IEEE Transactions on Power Systems},
  volume={17},
  number={2},
  pages={395--403},
  year={2002},
  publisher={IEEE}
}

@inproceedings{demiray2007dynamic,
  title={Dynamic phasor modeling of the doubly-fed induction generator under unbalanced conditions},
  author={Demiray, Turhan and Milano, F and Andersson, G{\"o}ran},
  booktitle={Power Tech, 2007 IEEE Lausanne},
  pages={1049--1054},
  year={2007},
  organization={IEEE}
}

@article{stankovic2000analysis,
  title={Analysis of asymmetrical faults in power systems using dynamic phasors},
  author={Stankovic, Aleksandar M and Aydin, Timur},
  journal={IEEE Transactions on Power Systems},
  volume={15},
  number={3},
  pages={1062--1068},
  year={2000},
  publisher={IEEE}
}

@article{stankovic2002dynamic,
  title={Dynamic phasors in modeling and analysis of unbalanced polyphase AC machines},
  author={Stankovic, Aleksandar M and Sanders, Seth R and Aydin, Timur},
  journal={IEEE Transactions on Energy Conversion},
  volume={17},
  number={1},
  pages={107--113},
  year={2002},
  publisher={IEEE}
}

@article{zhang2007synchronous,
  title={Synchronous machine modeling based on shifted frequency analysis},
  author={Zhang, Peng and Marti, Jose R and Dommel, Hermann W},
  journal={IEEE Transactions on Power Systems},
  volume={22},
  number={3},
  pages={1139--1147},
  year={2007},
  publisher={IEEE}
}

@inproceedings{ngoya1996envelop,
  title={Envelop transient analysis: a new method for the transient and steady state analysis of microwave communication circuits and systems},
  author={Ngoya, Edouard and Larchev{\`e}que, R{\'e}mi},
  booktitle={Microwave Symposium Digest, 1996., IEEE MTT-S International},
  volume={3},
  pages={1365--1368},
  year={1996},
  organization={IEEE}
}

% eof